<record><leader>00000cas a22000007a 4500</leader><controlfield tag="001">9607942</controlfield><controlfield tag="008">830615d19111968ksuwr ne      0    0eng d</controlfield><datafield ind1=" " ind2=" " tag="010"><subfield code="a">sn 83040253 </subfield></datafield><datafield ind1=" " ind2=" " tag="040"><subfield code="a">KSH</subfield><subfield code="b">eng</subfield><subfield code="c">KSH</subfield><subfield code="d">NPT</subfield><subfield code="d">OCLCQ</subfield></datafield><datafield ind1=" " ind2=" " tag="042"><subfield code="a">msc</subfield></datafield><datafield ind1=" " ind2=" " tag="043"><subfield code="a">n-us-ks</subfield></datafield><datafield ind1="0" ind2="4" tag="245"><subfield code="a">The Hardtner press.</subfield></datafield><datafield ind1=" " ind2=" " tag="260"><subfield code="a">Hardtner, Kan. :</subfield><subfield code="b">[s.n.],</subfield><subfield code="c">-1968.</subfield></datafield><datafield ind1=" " ind2=" " tag="300"><subfield code="a">v. :</subfield><subfield code="b">ill. ;</subfield><subfield code="c">50 cm.</subfield></datafield><datafield ind1=" " ind2=" " tag="310"><subfield code="a">Weekly</subfield></datafield><datafield ind1="0" ind2=" " tag="362"><subfield code="a">-v. 58, no. 30 (May 30, 1968).</subfield></datafield><datafield ind1="1" ind2=" " tag="362"><subfield code="a">Began in 19ll.</subfield><subfield code="z">Cf. Gregory, W. Amer. newspapers.</subfield></datafield><datafield ind1=" " ind2=" " tag="500"><subfield code="a">Editor: Geo. N. Harvey.</subfield></datafield><datafield ind1=" " ind2=" " tag="515"><subfield code="a">Issue for May 30, 1968 misdated May 23.</subfield></datafield><datafield ind1=" " ind2=" " tag="588"><subfield code="a">Description based on: Vol. 4, no. 7 (Oct. 16, 1914).</subfield></datafield><datafield ind1="1" ind2=" " tag="700"><subfield code="a">Harvey, George N.</subfield></datafield><datafield ind1=" " ind2=" " tag="752"><subfield code="a">United States</subfield><subfield code="b">Kansas</subfield><subfield code="c">Barber</subfield><subfield code="d">Hardtner.</subfield></datafield></record>